@manual{keysight34401A,
  title        = {34401A Digital Multimeter Userâ€™s Guide},
  author       = {{Keysight Technologies}},
  organization = {Keysight Technologies},
  address      = {1400 Fountaingrove Parkway, Santa Rosa, CA 95403, USA},
  edition      = {10},
  year         = {2014},
  howpublished = {\texttt{References/multimeter.pdf}}
}

@misc{tiMAX3232guide,
  author       = {{Texas Instruments}},
  title        = {RS-232 Design Guide},
  howpublished = {\url{https://www.ti.com/lit/an/scda036a/scda036a.pdf}},
  year         = {2001},
  note         = {Application Report SCDA036A},
}

@manual{pn532manual,
  title        = {PN532 NFC Module V3 Manual},
  author       = {{ELECHOUSE}},
  year         = {2013},
  url          = {https://www.elechouse.com/elechouse/images/product/PN532_module_V3/PN532_%20Manual_V3.pdf},
  note         = {Accessed: July 2025}
}